<record><leader>00000cas a22000007a 4500</leader><controlfield tag="001">19645708</controlfield><controlfield tag="008">890502d18911894iduwr ne      0    0eng d</controlfield><datafield ind1=" " ind2=" " tag="010"><subfield code="a">sn 89055120 </subfield></datafield><datafield ind1=" " ind2=" " tag="040"><subfield code="a">NVB</subfield><subfield code="b">eng</subfield><subfield code="c">NVB</subfield><subfield code="d">OCLCQ</subfield></datafield><datafield ind1=" " ind2=" " tag="043"><subfield code="a">n-us-id</subfield></datafield><datafield ind1="0" ind2="0" tag="245"><subfield code="a">Moscow Democrat.</subfield></datafield><datafield ind1=" " ind2=" " tag="260"><subfield code="a">Moscow, Latah Co., Idaho :</subfield><subfield code="b">S.T. Owings</subfield></datafield><datafield ind1=" " ind2=" " tag="300"><subfield code="a">v.</subfield></datafield><datafield ind1=" " ind2=" " tag="310"><subfield code="a">Weekly,</subfield><subfield code="b">&lt;1893&gt;-&lt;Aug. 10, 1894&gt;</subfield></datafield><datafield ind1="1" ind2=" " tag="362"><subfield code="a">Began in 1891; ceased in 1894.</subfield></datafield><datafield ind1=" " ind2=" " tag="588"><subfield code="a">Description based on: Vol. 3, no. 24 (Aug. 10, 1894).</subfield></datafield><datafield ind1=" " ind2="0" tag="651"><subfield code="a">Moscow (Idaho)</subfield><subfield code="v">Newspapers.</subfield></datafield><datafield ind1=" " ind2=" " tag="752"><subfield code="a">United States</subfield><subfield code="b">Idaho</subfield><subfield code="c">Latah</subfield><subfield code="d">Moscow.</subfield></datafield><datafield ind1="0" ind2="0" tag="785"><subfield code="a">Times-Democrat (Moscow, Idaho : 1894)</subfield></datafield></record>